@article{article1,
author = {Futagi, Yoko and Deane, Paul and Chodorow, Martin and Tetreault, Joel},
year = {2008},
month = {10},
pages = {353-367},
title = {A computational approach to detecting collocation errors in the writing of non-native speakers of English},
volume = {21},
journal = {Computer Assisted Language Learning - COMPUT ASSIST LANG LEARN},
doi = {10.1080/09588220802343561}
}
